<record><leader>00000cas a2200000Ia 4500</leader><controlfield tag="001">8741831</controlfield><controlfield tag="008">820902d19171931gauwr n       0   a0eng d</controlfield><datafield ind1=" " ind2=" " tag="010"><subfield code="a">sn 93060191 </subfield></datafield><datafield ind1=" " ind2=" " tag="040"><subfield code="a">VYN</subfield><subfield code="b">eng</subfield><subfield code="c">VYN</subfield><subfield code="d">MQN</subfield><subfield code="d">OCLCQ</subfield><subfield code="d">OCLCF</subfield><subfield code="d">OCLCO</subfield></datafield><datafield ind1=" " ind2=" " tag="090"><subfield code="a">BX8795.P25</subfield><subfield code="b">A2</subfield></datafield><datafield ind1="0" ind2=" " tag="130"><subfield code="a">Pentecostal holiness advocate (Falcon, N.C. : 1917)</subfield></datafield><datafield ind1="1" ind2="4" tag="245"><subfield code="a">The Pentecostal holiness advocate.</subfield></datafield><datafield ind1=" " ind2=" " tag="260"><subfield code="a">Falcon, N.C. :</subfield><subfield code="b">G.F. Taylor</subfield></datafield><datafield ind1=" " ind2=" " tag="300"><subfield code="a">v.</subfield></datafield><datafield ind1=" " ind2=" " tag="310"><subfield code="a">Weekly</subfield></datafield><datafield ind1="1" ind2=" " tag="362"><subfield code="a">Began on May 3, 1917.</subfield><subfield code="z">Cf. Jones, C.E., Guide to the study of the Pentecostal Movement.</subfield></datafield><datafield ind1="0" ind2=" " tag="362"><subfield code="a">-v. 14, no. 49 (Apr. 9, 1931).</subfield></datafield><datafield ind1=" " ind2=" " tag="500"><subfield code="a">Published in Royston, Ga. &lt;July 31, 1919&gt;.</subfield></datafield><datafield ind1=" " ind2=" " tag="500"><subfield code="a">Official organ of: the Pentecostal Holiness Church.</subfield></datafield><datafield ind1=" " ind2=" " tag="515"><subfield code="a">Issues for &lt;Apr. 5, 1923-Apr. 9, 1931&gt; also called: serial no. &lt;310-722&gt;.</subfield></datafield><datafield ind1=" " ind2=" " tag="588"><subfield code="a">Description based on: Vol. 1, no. 26 (Oct. 25, 1917).</subfield></datafield><datafield ind1="2" ind2="0" tag="610"><subfield code="a">Pentecostal Holiness Church</subfield><subfield code="v">Newspapers.</subfield></datafield><datafield ind1=" " ind2="7" tag="655"><subfield code="a">Newspapers.</subfield><subfield code="2">fast</subfield><subfield code="0">(OCoLC)fst01423814</subfield></datafield><datafield ind1="2" ind2="7" tag="610"><subfield code="a">Pentecostal Holiness Church.</subfield><subfield code="2">fast</subfield><subfield code="0">(OCoLC)fst00695111</subfield></datafield><datafield ind1="2" ind2=" " tag="710"><subfield code="a">Pentecostal Holiness Church.</subfield></datafield><datafield ind1=" " ind2=" " tag="752"><subfield code="a">United States</subfield><subfield code="b">Georgia</subfield><subfield code="c">Franklin</subfield><subfield code="d">Royston.</subfield></datafield><datafield ind1=" " ind2=" " tag="752"><subfield code="a">United States</subfield><subfield code="b">North Carolina</subfield><subfield code="c">Cumberland</subfield><subfield code="d">Falcon.</subfield></datafield><datafield ind1="0" ind2="0" tag="785"><subfield code="t">Advocate (Franklin Springs, Ga.)</subfield><subfield code="w">(OCoLC)8741954</subfield></datafield><datafield ind1=" " ind2=" " tag="936"><subfield code="a">Apr. 9, 1931</subfield></datafield></record>